<record><leader>00000cas a2200000 a 4500</leader><controlfield tag="001">12264807</controlfield><controlfield tag="008">850715d18721961miuwr ne      0    0eng c</controlfield><datafield ind1=" " ind2=" " tag="010"><subfield code="a">sn 85033783 </subfield></datafield><datafield ind1=" " ind2=" " tag="040"><subfield code="a">NPU</subfield><subfield code="b">eng</subfield><subfield code="c">NPU</subfield><subfield code="d">NPX</subfield><subfield code="d">MGN</subfield><subfield code="d">MHN</subfield><subfield code="d">OCL</subfield><subfield code="d">OCLCQ</subfield><subfield code="d">OCLCF</subfield><subfield code="d">OCLCO</subfield></datafield><datafield ind1=" " ind2=" " tag="042"><subfield code="a">pcc</subfield></datafield><datafield ind1=" " ind2=" " tag="043"><subfield code="a">n-us-mi</subfield></datafield><datafield ind1="0" ind2=" " tag="130"><subfield code="a">Pentwater news (Pentwater, Mich. : 1872)</subfield></datafield><datafield ind1="1" ind2="0" tag="245"><subfield code="a">Pentwater news.</subfield></datafield><datafield ind1=" " ind2=" " tag="260"><subfield code="a">Pentwater, Mich. :</subfield><subfield code="b">Dresser &amp; Taylor</subfield></datafield><datafield ind1=" " ind2=" " tag="300"><subfield code="a">v. ;</subfield><subfield code="c">72 cm.</subfield></datafield><datafield ind1=" " ind2=" " tag="310"><subfield code="a">Weekly</subfield></datafield><datafield ind1="1" ind2=" " tag="362"><subfield code="a">Began in 1872; ceased in 1961?</subfield></datafield><datafield ind1=" " ind2=" " tag="500"><subfield code="a">Editors: Amos Dreser, Jr., William J. Canfield, &lt;1876&gt;.</subfield></datafield><datafield ind1=" " ind2=" " tag="500"><subfield code="a">Publishers: Dresser &amp; Lyon, &lt;1873&gt;; Dresser &amp; Co., &lt;1876&gt;.</subfield></datafield><datafield ind1=" " ind2=" " tag="500"><subfield code="a">Republican, &lt;1876&gt;.</subfield></datafield><datafield ind1=" " ind2=" " tag="588"><subfield code="a">Description based on: Vol. 2, no. 83 (Aug. 16, 1872).</subfield></datafield><datafield ind1=" " ind2="0" tag="651"><subfield code="a">Pentwater (Mich.)</subfield><subfield code="v">Newspapers.</subfield></datafield><datafield ind1=" " ind2="0" tag="651"><subfield code="a">Oceana County (Mich.)</subfield><subfield code="v">Newspapers.</subfield></datafield><datafield ind1=" " ind2="7" tag="655"><subfield code="a">Newspapers.</subfield><subfield code="2">fast</subfield><subfield code="0">(OCoLC)fst01423814</subfield></datafield><datafield ind1=" " ind2="7" tag="651"><subfield code="a">Michigan</subfield><subfield code="z">Oceana County.</subfield><subfield code="2">fast</subfield><subfield code="0">(OCoLC)fst01214750</subfield></datafield><datafield ind1=" " ind2="7" tag="651"><subfield code="a">Michigan</subfield><subfield code="z">Pentwater.</subfield><subfield code="2">fast</subfield><subfield code="0">(OCoLC)fst01878482</subfield></datafield><datafield ind1=" " ind2=" " tag="752"><subfield code="a">United States</subfield><subfield code="b">Michigan</subfield><subfield code="c">Oceana</subfield><subfield code="d">Pentwater.</subfield></datafield><datafield ind1="0" ind2="0" tag="780"><subfield code="t">East Shore news</subfield><subfield code="w">(DLC)sn 97063418</subfield><subfield code="w">(OCoLC)38109574</subfield></datafield></record>